@inproceedings{Litts:2017:UHS:3017680.3017740,
 author = {Litts, Breanne K. and Kafai, Yasmin B. and Lui, Debora and Walker, Justice and Widman, Sari},
 title = {Understanding High School Students' Reading, Remixing, and Writing Codeable Circuits for Electronic Textiles},
 booktitle = {Proceedings of the 2017 ACM SIGCSE Technical Symposium on Computer Science Education},
 series = {SIGCSE '17},
 year = {2017},
 isbn = {978-1-4503-4698-6},
 location = {Seattle, Washington, USA},
 pages = {381--386},
 numpages = {6},
 url = {http://doi.acm.org/10.1145/3017680.3017740},
 doi = {10.1145/3017680.3017740},
 acmid = {3017740},
 publisher = {ACM},
 address = {New York, NY, USA},
 keywords = {arduino, assessment, circuitry, coding, electronic textiles, maker movement, remixing},
}

@inproceedings{Martinez:2015:CPE:2729094.2742599,
 author = {Martinez, Cecilia and Gomez, Marcos J. and Benotti, Luciana},
 title = {A Comparison of Preschool and Elementary School Children Learning Computer Science Concepts Through a Multilanguage Robot Programming Platform},
 booktitle = {Proceedings of the 2015 ACM Conference on Innovation and Technology in Computer Science Education},
 series = {ITiCSE '15},
 year = {2015},
 isbn = {978-1-4503-3440-2},
 location = {Vilnius, Lithuania},
 pages = {159--164},
 numpages = {6},
 url = {http://doi.acm.org/10.1145/2729094.2742599},
 doi = {10.1145/2729094.2742599},
 acmid = {2742599},
 publisher = {ACM},
 address = {New York, NY, USA},
 keywords = {computer science k-7 outreach, experimental evaluation, iconic programming language, robots},
}

@inproceedings{Fagin:2003:MER:611892.611994,
 author = {Fagin, Barry and Merkle, Laurence},
 title = {Measuring the Effectiveness of Robots in Teaching Computer Science},
 booktitle = {Proceedings of the 34th SIGCSE Technical Symposium on Computer Science Education},
 series = {SIGCSE '03},
 year = {2003},
 isbn = {1-58113-648-X},
 location = {Reno, Navada, USA},
 pages = {307--311},
 numpages = {5},
 url = {http://doi.acm.org/10.1145/611892.611994},
 doi = {10.1145/611892.611994},
 acmid = {611994},
 publisher = {ACM},
 address = {New York, NY, USA},
 keywords = {CS1, Lego, pedagogy, programming environments, robotics},
}

@misc{arduino,
	title={Arduino},
	howpublished={\url{https://www.arduino.cc/}},
	note={Accessed: July 31, 2018},
	year={2018}
}

@misc{ardublock,
	title={Ardublock - A Graphical Programming Language for Arduino},
	howpublished={\url{http://blog.ardublock.com/}},
	note={Accessed: July 31, 2018},
	year={2018}
}

@misc{revistaedu,
	title={Movimento maker: alunos se tornam produtores de conhecimentos e objetos},
	howpublished={\url{http://www.revistaeducacao.com.br/movimento-maker-alunos-se-tornam-produtores-de-conhecimentos-e-objetos/}},
	note={Accessed: July 28, 2018},
	year={2018}
}

@misc{estadao,
	title={O movimento maker na Educação},
	howpublished={\url{https://educacao.estadao.com.br/blogs/albert-sabin/o-movimento-maker-na-educacao/}},
	note={Accessed: July 20, 2018},
	year={2017}
}


@misc{espduino,
	title={ESPduino},
	howpublished={\url{https://github.com/SmartArduino/SZDOITWiKi/wiki/Arduino---ESPduino}},
	note={Accessed: August 1, 2018},
	year={2018}
}

@misc{doit,
	title={DOIT},
	howpublished={\url{http://www.doit.am/}},
	note={Accessed: July 30, 2018},
	year={2018}
}


@InCollection{digitalFab,
  author = 	 {Paulo Blikstein},
  title = 	 {Digital Fabrication and 'Making' in Education:
The Democratization of Invention},
  booktitle = 	 {FabLabs: Of machines, makers and inventors},
  publisher =    {Transcript Verlag},
  year = 	 {2003},
  editor = 	 {Julia Walter-Herrmann and Corinne Büching}
}